<record><leader>00000cas a22000007a 4500</leader><controlfield tag="001">36967626</controlfield><controlfield tag="008">970527d19591977meudr ne      0    0eng d</controlfield><datafield ind1=" " ind2=" " tag="010"><subfield code="a">sn 97062658 </subfield></datafield><datafield ind1=" " ind2=" " tag="040"><subfield code="a">MBN</subfield><subfield code="b">eng</subfield><subfield code="c">MBN</subfield><subfield code="d">OCLCF</subfield><subfield code="d">OCLCO</subfield></datafield><datafield ind1=" " ind2=" " tag="042"><subfield code="a">msc</subfield></datafield><datafield ind1="0" ind2="0" tag="245"><subfield code="a">Biddeford-Saco journal.</subfield></datafield><datafield ind1=" " ind2=" " tag="260"><subfield code="a">Biddeford, Me. :</subfield><subfield code="b">Paul Casavant,</subfield></datafield><datafield ind1=" " ind2=" " tag="300"><subfield code="a">v.</subfield></datafield><datafield ind1=" " ind2=" " tag="310"><subfield code="a">Daily (except Sun.)</subfield></datafield><datafield ind1="0" ind2=" " tag="362"><subfield code="a">Vol. 75, no. 3 (Jan. 5, 1959)-v. 92, no. 56 (Mar. 6, 1976) ; Mar. 8, 1976-Apr. 30, 1977.</subfield></datafield><datafield ind1=" " ind2=" " tag="500"><subfield code="a">Place of publication also given as: Saco.</subfield></datafield><datafield ind1=" " ind2=" " tag="580"><subfield code="a">Merged with: Sanford tribune (Sanford, Me. : 1950), to form: Journal tribune.</subfield></datafield><datafield ind1=" " ind2="0" tag="651"><subfield code="a">Biddeford (Me.)</subfield><subfield code="v">Newspapers.</subfield></datafield><datafield ind1=" " ind2="0" tag="651"><subfield code="a">Saco (Me.)</subfield><subfield code="v">Newspapers.</subfield></datafield><datafield ind1=" " ind2="7" tag="655"><subfield code="a">Newspapers.</subfield><subfield code="2">fast</subfield><subfield code="0">(OCoLC)fst01423814</subfield></datafield><datafield ind1=" " ind2="7" tag="651"><subfield code="a">Maine</subfield><subfield code="z">Biddeford.</subfield><subfield code="2">fast</subfield><subfield code="0">(OCoLC)fst01209933</subfield></datafield><datafield ind1=" " ind2="7" tag="651"><subfield code="a">Maine</subfield><subfield code="z">Saco.</subfield><subfield code="2">fast</subfield><subfield code="0">(OCoLC)fst01218837</subfield></datafield><datafield ind1=" " ind2=" " tag="752"><subfield code="a">United States</subfield><subfield code="b">Maine</subfield><subfield code="c">York</subfield><subfield code="d">Biddeford.</subfield></datafield><datafield ind1=" " ind2=" " tag="752"><subfield code="a">United States</subfield><subfield code="b">Maine</subfield><subfield code="c">York</subfield><subfield code="d">Saco.</subfield></datafield><datafield ind1="0" ind2="0" tag="780"><subfield code="t">Biddeford daily journal</subfield><subfield code="w">(DLC)sn 93059139</subfield></datafield><datafield ind1="1" ind2="7" tag="785"><subfield code="t">Sanford tribune (Sanford, Me. : 1950)</subfield><subfield code="w">(DLC)sn 97062785</subfield></datafield><datafield ind1="1" ind2="7" tag="785"><subfield code="t">Journal tribune</subfield><subfield code="w">(DLC)sn 99066557</subfield></datafield></record>